<?xml version="1.0" encoding="UTF-8"?>
  <record xmlns="http://www.loc.gov/MARC21/slim" type="Authority">
    <leader>00000nz  a2200000nc 4500</leader>
    <controlfield tag="001">118643355</controlfield>
    <controlfield tag="003">DE-101</controlfield>
    <controlfield tag="005">20220317125842.0</controlfield>
    <controlfield tag="008">880701n||azznnaabn           | aaa    |c</controlfield>
    <datafield tag="024" ind1="7" ind2=" ">
      <subfield code="a">118643355</subfield>
      <subfield code="0">http://d-nb.info/gnd/118643355</subfield>
      <subfield code="2">gnd</subfield>
    </datafield>
    <datafield tag="024" ind1="7" ind2=" ">
      <subfield code="a">n80044551</subfield>
      <subfield code="2">lccn</subfield>
    </datafield>
    <datafield tag="024" ind1="7" ind2=" ">
      <subfield code="a">100194418</subfield>
      <subfield code="2">viaf</subfield>
    </datafield>
    <datafield tag="035" ind1=" " ind2=" ">
      <subfield code="a">(DE-101)118643355</subfield>
    </datafield>
    <datafield tag="035" ind1=" " ind2=" ">
      <subfield code="a">(DE-588)118643355</subfield>
    </datafield>
    <datafield tag="035" ind1=" " ind2=" ">
      <subfield code="z">(DE-588)155694383</subfield>
    </datafield>
    <datafield tag="035" ind1=" " ind2=" ">
      <subfield code="z">(DE-588a)155694383</subfield>
      <subfield code="9">v:zg</subfield>
    </datafield>
    <datafield tag="035" ind1=" " ind2=" ">
      <subfield code="z">(DE-588)1035112604</subfield>
    </datafield>
    <datafield tag="035" ind1=" " ind2=" ">
      <subfield code="z">(DE-588)17428893X</subfield>
    </datafield>
    <datafield tag="035" ind1=" " ind2=" ">
      <subfield code="z">(DE-588a)17428893X</subfield>
      <subfield code="9">v:zg</subfield>
    </datafield>
    <datafield tag="035" ind1=" " ind2=" ">
      <subfield code="z">(DE-588a)118643355</subfield>
      <subfield code="9">v:zg</subfield>
    </datafield>
    <datafield tag="035" ind1=" " ind2=" ">
      <subfield code="z">(DE-588c)4079313-8</subfield>
      <subfield code="9">v:zg</subfield>
    </datafield>
    <datafield tag="040" ind1=" " ind2=" ">
      <subfield code="a">DE-101</subfield>
      <subfield code="c">DE-101</subfield>
      <subfield code="9">r:DE-101</subfield>
      <subfield code="b">ger</subfield>
      <subfield code="d">1841</subfield>
    </datafield>
    <datafield tag="042" ind1=" " ind2=" ">
      <subfield code="a">gnd1</subfield>
    </datafield>
    <datafield tag="043" ind1=" " ind2=" ">
      <subfield code="c">XA-GB</subfield>
      <subfield code="c">XA-NL</subfield>
    </datafield>
    <datafield tag="065" ind1=" " ind2=" ">
      <subfield code="a">16.5p</subfield>
      <subfield code="2">sswd</subfield>
    </datafield>
    <datafield tag="075" ind1=" " ind2=" ">
      <subfield code="b">p</subfield>
      <subfield code="2">gndgen</subfield>
    </datafield>
    <datafield tag="075" ind1=" " ind2=" ">
      <subfield code="b">piz</subfield>
      <subfield code="2">gndspec</subfield>
    </datafield>
    <datafield tag="079" ind1=" " ind2=" ">
      <subfield code="a">g</subfield>
      <subfield code="q">a</subfield>
      <subfield code="q">f</subfield>
      <subfield code="q">s</subfield>
      <subfield code="q">z</subfield>
      <subfield code="u">w</subfield>
      <subfield code="u">v</subfield>
      <subfield code="u">k</subfield>
    </datafield>
    <datafield tag="100" ind1="0" ind2=" ">
      <subfield code="a">Wilhelm</subfield>
      <subfield code="b">III.</subfield>
      <subfield code="c">England, König</subfield>
      <subfield code="d">1650-1702</subfield>
    </datafield>
    <datafield tag="375" ind1=" " ind2=" ">
      <subfield code="a">1</subfield>
      <subfield code="2">iso5218</subfield>
    </datafield>
    <datafield tag="400" ind1="0" ind2=" ">
      <subfield code="a">Wilhelm Henrich</subfield>
      <subfield code="c">Oranien, Prinz</subfield>
      <subfield code="d">1650-1702</subfield>
    </datafield>
    <datafield tag="400" ind1="0" ind2=" ">
      <subfield code="a">Wilhelm Heinrich</subfield>
      <subfield code="b">III.</subfield>
      <subfield code="c">Oranien, Prinz</subfield>
      <subfield code="d">1650-1702</subfield>
    </datafield>
    <datafield tag="400" ind1="0" ind2=" ">
      <subfield code="a">Wilhelm Heinrich</subfield>
      <subfield code="c">von Oranien</subfield>
      <subfield code="d">1650-1702</subfield>
    </datafield>
    <datafield tag="400" ind1="0" ind2=" ">
      <subfield code="a">Wilhelm</subfield>
      <subfield code="c">von Oranien, 1650-1702</subfield>
      <subfield code="d">1650-1702</subfield>
    </datafield>
    <datafield tag="400" ind1="1" ind2=" ">
      <subfield code="a">Oranje-Nassau, Willem &#152;van&#156;</subfield>
      <subfield code="d">1650-1702</subfield>
    </datafield>
    <datafield tag="400" ind1="1" ind2=" ">
      <subfield code="a">Nassau, Willem van Oranje-</subfield>
      <subfield code="d">1650-1702</subfield>
    </datafield>
    <datafield tag="400" ind1="0" ind2=" ">
      <subfield code="a">Wilhelm</subfield>
      <subfield code="b">III.</subfield>
      <subfield code="c">Niederlande, Statthalter</subfield>
      <subfield code="d">1650-1702</subfield>
    </datafield>
    <datafield tag="400" ind1="0" ind2=" ">
      <subfield code="a">Wilhelm</subfield>
      <subfield code="b">III.</subfield>
      <subfield code="c">Großbritannien, König</subfield>
      <subfield code="d">1650-1702</subfield>
    </datafield>
    <datafield tag="400" ind1="0" ind2=" ">
      <subfield code="a">Wilhelm</subfield>
      <subfield code="b">III.</subfield>
      <subfield code="c">Schottland, König</subfield>
      <subfield code="d">1650-1702</subfield>
    </datafield>
    <datafield tag="400" ind1="0" ind2=" ">
      <subfield code="a">Wilhem</subfield>
      <subfield code="b">III.</subfield>
      <subfield code="c">Engeland, Koning</subfield>
      <subfield code="d">1650-1702</subfield>
    </datafield>
    <datafield tag="400" ind1="0" ind2=" ">
      <subfield code="a">Willem</subfield>
      <subfield code="b">III.</subfield>
      <subfield code="c">Engeland, Koning</subfield>
      <subfield code="d">1650-1702</subfield>
    </datafield>
    <datafield tag="400" ind1="0" ind2=" ">
      <subfield code="a">William</subfield>
      <subfield code="b">III.</subfield>
      <subfield code="c">Great Britain, King</subfield>
      <subfield code="d">1650-1702</subfield>
    </datafield>
    <datafield tag="400" ind1="0" ind2=" ">
      <subfield code="a">William</subfield>
      <subfield code="b">III.</subfield>
      <subfield code="c">England, King</subfield>
      <subfield code="d">1650-1702</subfield>
    </datafield>
    <datafield tag="400" ind1="0" ind2=" ">
      <subfield code="a">William</subfield>
      <subfield code="b">III.</subfield>
      <subfield code="c">Ireland, King</subfield>
      <subfield code="d">1650-1702</subfield>
    </datafield>
    <datafield tag="400" ind1="0" ind2=" ">
      <subfield code="a">William</subfield>
      <subfield code="c">of Nassau</subfield>
      <subfield code="d">1650-1702</subfield>
    </datafield>
    <datafield tag="400" ind1="0" ind2=" ">
      <subfield code="a">Willem</subfield>
      <subfield code="b">III.</subfield>
      <subfield code="c">Groot-Britannie͏̈, Koning</subfield>
      <subfield code="d">1650-1702</subfield>
    </datafield>
    <datafield tag="400" ind1="0" ind2=" ">
      <subfield code="a">Wilhelm Heinrich</subfield>
      <subfield code="c">von Nassau</subfield>
      <subfield code="d">1650-1702</subfield>
    </datafield>
    <datafield tag="400" ind1="0" ind2=" ">
      <subfield code="a">William Henry</subfield>
      <subfield code="c">of Nassau</subfield>
      <subfield code="d">1650-1702</subfield>
    </datafield>
    <datafield tag="400" ind1="0" ind2=" ">
      <subfield code="a">William Henry</subfield>
      <subfield code="c">of Orange</subfield>
      <subfield code="d">1650-1702</subfield>
    </datafield>
    <datafield tag="400" ind1="0" ind2=" ">
      <subfield code="a">William Henry</subfield>
      <subfield code="c">Orange, Prince</subfield>
      <subfield code="d">1650-1702</subfield>
    </datafield>
    <datafield tag="400" ind1="0" ind2=" ">
      <subfield code="a">William Henry</subfield>
      <subfield code="b">III.</subfield>
      <subfield code="c">Orange, Prince</subfield>
      <subfield code="d">1650-1702</subfield>
    </datafield>
    <datafield tag="400" ind1="0" ind2=" ">
      <subfield code="a">William</subfield>
      <subfield code="b">III.</subfield>
      <subfield code="c">Orange, Prince</subfield>
      <subfield code="d">1650-1702</subfield>
    </datafield>
    <datafield tag="400" ind1="0" ind2=" ">
      <subfield code="a">William</subfield>
      <subfield code="c">of Orange</subfield>
      <subfield code="d">1650-1702</subfield>
    </datafield>
    <datafield tag="400" ind1="0" ind2=" ">
      <subfield code="a">Willem</subfield>
      <subfield code="b">III.</subfield>
      <subfield code="c">Orange, Prince</subfield>
      <subfield code="d">1650-1702</subfield>
    </datafield>
    <datafield tag="400" ind1="0" ind2=" ">
      <subfield code="a">Willem</subfield>
      <subfield code="b">III.</subfield>
      <subfield code="c">Oranje, Prins</subfield>
      <subfield code="d">1650-1702</subfield>
    </datafield>
    <datafield tag="400" ind1="0" ind2=" ">
      <subfield code="a">Willem</subfield>
      <subfield code="c">Oranje, Prins</subfield>
      <subfield code="d">1650-1702</subfield>
    </datafield>
    <datafield tag="400" ind1="0" ind2=" ">
      <subfield code="a">Willem</subfield>
      <subfield code="c">van Oranje</subfield>
      <subfield code="d">1650-1702</subfield>
    </datafield>
    <datafield tag="400" ind1="0" ind2=" ">
      <subfield code="a">Willem Hendrik</subfield>
      <subfield code="b">III.</subfield>
      <subfield code="c">Orange, Prince</subfield>
      <subfield code="d">1650-1702</subfield>
    </datafield>
    <datafield tag="400" ind1="0" ind2=" ">
      <subfield code="a">Willem Hendrik</subfield>
      <subfield code="b">III.</subfield>
      <subfield code="c">Oranje, Prins</subfield>
      <subfield code="d">1650-1702</subfield>
    </datafield>
    <datafield tag="400" ind1="0" ind2=" ">
      <subfield code="a">Willem Henrick</subfield>
      <subfield code="c">Oranje, Prins</subfield>
      <subfield code="d">1650-1702</subfield>
    </datafield>
    <datafield tag="400" ind1="0" ind2=" ">
      <subfield code="a">Willem Henrik</subfield>
      <subfield code="b">III.</subfield>
      <subfield code="c">Orangien, Prince</subfield>
      <subfield code="d">1650-1702</subfield>
    </datafield>
    <datafield tag="400" ind1="0" ind2=" ">
      <subfield code="a">Wilhelm</subfield>
      <subfield code="b">III.</subfield>
      <subfield code="c">Oranien, Prinz</subfield>
      <subfield code="d">1650-1702</subfield>
    </datafield>
    <datafield tag="400" ind1="0" ind2=" ">
      <subfield code="a">Wilhelm</subfield>
      <subfield code="b">III.</subfield>
      <subfield code="c">Oranien</subfield>
      <subfield code="d">1650-1702</subfield>
    </datafield>
    <datafield tag="400" ind1="0" ind2=" ">
      <subfield code="a">Guillaume</subfield>
      <subfield code="c">d'Orange</subfield>
      <subfield code="d">1650-1702</subfield>
    </datafield>
    <datafield tag="400" ind1="0" ind2=" ">
      <subfield code="a">Guillaume</subfield>
      <subfield code="b">III.</subfield>
      <subfield code="c">Grande-Bretagne, Roi</subfield>
      <subfield code="d">1650-1702</subfield>
    </datafield>
    <datafield tag="400" ind1="0" ind2=" ">
      <subfield code="a">Guillaume</subfield>
      <subfield code="b">III.</subfield>
      <subfield code="c">Angleterre, Roi</subfield>
      <subfield code="d">1650-1702</subfield>
    </datafield>
    <datafield tag="400" ind1="0" ind2=" ">
      <subfield code="a">Guillaume</subfield>
      <subfield code="b">III.</subfield>
      <subfield code="c">Orange, Prince</subfield>
      <subfield code="d">1650-1702</subfield>
    </datafield>
    <datafield tag="400" ind1="0" ind2=" ">
      <subfield code="a">Guillaume</subfield>
      <subfield code="b">III.</subfield>
      <subfield code="c">Pays-Bas, Gouverneur</subfield>
      <subfield code="d">1650-1702</subfield>
    </datafield>
    <datafield tag="400" ind1="0" ind2=" ">
      <subfield code="a">Guillaume</subfield>
      <subfield code="b">III.</subfield>
      <subfield code="c">Pays-Bas, Stathouder</subfield>
      <subfield code="d">1650-1702</subfield>
    </datafield>
    <datafield tag="400" ind1="0" ind2=" ">
      <subfield code="a">Guillaume Henri</subfield>
      <subfield code="c">Orange, Prince</subfield>
      <subfield code="d">1650-1702</subfield>
    </datafield>
    <datafield tag="400" ind1="0" ind2=" ">
      <subfield code="a">Guillaume Henry</subfield>
      <subfield code="c">Orange, Prince</subfield>
      <subfield code="d">1650-1702</subfield>
    </datafield>
    <datafield tag="400" ind1="0" ind2=" ">
      <subfield code="a">Guillaume Henri</subfield>
      <subfield code="b">III.</subfield>
      <subfield code="c">Orange, Prince</subfield>
      <subfield code="d">1650-1702</subfield>
    </datafield>
    <datafield tag="400" ind1="0" ind2=" ">
      <subfield code="a">Guillaume Henry</subfield>
      <subfield code="b">III.</subfield>
      <subfield code="c">Orange, Prince</subfield>
      <subfield code="d">1650-1702</subfield>
    </datafield>
    <datafield tag="400" ind1="0" ind2=" ">
      <subfield code="a">Wilhelm Heinrich</subfield>
      <subfield code="c">Oranien, Prinz</subfield>
      <subfield code="d">1650-1702</subfield>
    </datafield>
    <datafield tag="400" ind1="0" ind2=" ">
      <subfield code="a">Wilhem Henrik</subfield>
      <subfield code="c">Orangien, Prince</subfield>
      <subfield code="d">1650-1702</subfield>
    </datafield>
    <datafield tag="400" ind1="0" ind2=" ">
      <subfield code="a">Willem Hendrik</subfield>
      <subfield code="c">Orange, Prince</subfield>
      <subfield code="d">1650-1702</subfield>
    </datafield>
    <datafield tag="400" ind1="0" ind2=" ">
      <subfield code="a">Vilhelmus</subfield>
      <subfield code="c">Arausiacus</subfield>
      <subfield code="d">1650-1702</subfield>
    </datafield>
    <datafield tag="400" ind1="0" ind2=" ">
      <subfield code="a">Wilhelmus</subfield>
      <subfield code="c">Princeps Arausionensis</subfield>
      <subfield code="d">1650-1702</subfield>
    </datafield>
    <datafield tag="400" ind1="0" ind2=" ">
      <subfield code="a">Willem</subfield>
      <subfield code="b">III.</subfield>
      <subfield code="c">England, König</subfield>
      <subfield code="d">1650-1702</subfield>
    </datafield>
    <datafield tag="400" ind1="0" ind2=" ">
      <subfield code="a">Guilielmus</subfield>
      <subfield code="b">III.</subfield>
      <subfield code="c">Magna Britannia, Rex</subfield>
      <subfield code="d">1650-1702</subfield>
    </datafield>
    <datafield tag="400" ind1="0" ind2=" ">
      <subfield code="a">Guilielmus</subfield>
      <subfield code="b">III.</subfield>
      <subfield code="c">Britannia, Rex</subfield>
      <subfield code="d">1650-1702</subfield>
    </datafield>
    <datafield tag="400" ind1="0" ind2=" ">
      <subfield code="a">Guilielmus</subfield>
      <subfield code="b">III.</subfield>
      <subfield code="c">Anglia, Rex</subfield>
      <subfield code="d">1650-1702</subfield>
    </datafield>
    <datafield tag="400" ind1="0" ind2=" ">
      <subfield code="a">Guilielmus</subfield>
      <subfield code="c">Auriacus</subfield>
      <subfield code="d">1650-1702</subfield>
    </datafield>
    <datafield tag="400" ind1="0" ind2=" ">
      <subfield code="a">Guilielmus Henricus</subfield>
      <subfield code="c">Orange, Prince</subfield>
      <subfield code="d">1650-1702</subfield>
    </datafield>
    <datafield tag="400" ind1="0" ind2=" ">
      <subfield code="a">Guilhelmus</subfield>
      <subfield code="c">Anglia, Rex</subfield>
      <subfield code="d">1650-1702</subfield>
    </datafield>
    <datafield tag="400" ind1="0" ind2=" ">
      <subfield code="a">Guilhelmus</subfield>
      <subfield code="b">III.</subfield>
      <subfield code="c">Anglia, Rex</subfield>
      <subfield code="d">1650-1702</subfield>
    </datafield>
    <datafield tag="400" ind1="0" ind2=" ">
      <subfield code="a">Wilhelm</subfield>
      <subfield code="c">von Oranien</subfield>
      <subfield code="d">1650-1702</subfield>
    </datafield>
    <datafield tag="400" ind1="1" ind2=" ">
      <subfield code="a">Oranien-Nassau, Wilhelm &#152;von&#156;</subfield>
      <subfield code="d">1650-1702</subfield>
    </datafield>
    <datafield tag="400" ind1="0" ind2=" ">
      <subfield code="a">Willem</subfield>
      <subfield code="b">III</subfield>
      <subfield code="c">König von Grossbritannien und Irland, Generalstatthalter der Niederlande</subfield>
      <subfield code="d">1650-1702</subfield>
    </datafield>
    <datafield tag="400" ind1="0" ind2=" ">
      <subfield code="a">Willem</subfield>
      <subfield code="c">Prinz von Oranien</subfield>
      <subfield code="d">1650-1702</subfield>
    </datafield>
    <datafield tag="400" ind1="0" ind2=" ">
      <subfield code="a">Wilhelm Heinrich</subfield>
      <subfield code="b">von Nassau</subfield>
      <subfield code="c">1650-1702</subfield>
      <subfield code="d">1650-1702</subfield>
    </datafield>
    <datafield tag="400" ind1="0" ind2=" ">
      <subfield code="a">Wilhelm</subfield>
      <subfield code="b">III</subfield>
      <subfield code="c">König von Grossbritannien und Irland, Generalstatthalter der Niederlande</subfield>
      <subfield code="d">1650-1702</subfield>
    </datafield>
    <datafield tag="400" ind1="0" ind2=" ">
      <subfield code="a">Willem Hendrik</subfield>
      <subfield code="c">Prinz von Oranien</subfield>
      <subfield code="d">1650-1702</subfield>
    </datafield>
    <datafield tag="400" ind1="0" ind2=" ">
      <subfield code="a">Wilhelm Heinrich</subfield>
      <subfield code="c">Prinz von Oranien</subfield>
      <subfield code="d">1650-1702</subfield>
    </datafield>
    <datafield tag="400" ind1="0" ind2=" ">
      <subfield code="a">William</subfield>
      <subfield code="b">III</subfield>
      <subfield code="c">King of England</subfield>
      <subfield code="d">1650-1702</subfield>
    </datafield>
    <datafield tag="400" ind1="0" ind2=" ">
      <subfield code="a">Wilhelm</subfield>
      <subfield code="b">III</subfield>
      <subfield code="c">König von England</subfield>
      <subfield code="d">1650-1702</subfield>
    </datafield>
    <datafield tag="400" ind1="0" ind2=" ">
      <subfield code="a">William</subfield>
      <subfield code="b">III</subfield>
      <subfield code="c">König von Grossbritannien und Irland, Generalstatthalter der Niederlande</subfield>
      <subfield code="d">1650-1702</subfield>
    </datafield>
    <datafield tag="400" ind1="0" ind2=" ">
      <subfield code="a">William</subfield>
      <subfield code="b">III</subfield>
      <subfield code="c">König von England</subfield>
      <subfield code="d">1650-1702</subfield>
    </datafield>
    <datafield tag="400" ind1="0" ind2=" ">
      <subfield code="a">Wilhelmus</subfield>
      <subfield code="b">III</subfield>
      <subfield code="c">Rex Angliae</subfield>
      <subfield code="d">1650-1702</subfield>
    </datafield>
    <datafield tag="400" ind1="0" ind2=" ">
      <subfield code="a">Willem</subfield>
      <subfield code="b">II</subfield>
      <subfield code="c">Prins van Oranje</subfield>
      <subfield code="d">1650-1702</subfield>
    </datafield>
    <datafield tag="400" ind1="0" ind2=" ">
      <subfield code="a">Wilhelmus</subfield>
      <subfield code="b">III.</subfield>
      <subfield code="c">Rex, Magna Britannia</subfield>
      <subfield code="d">1650-1702</subfield>
    </datafield>
    <datafield tag="500" ind1="1" ind2=" ">
      <subfield code="0">(DE-101)119357577</subfield>
      <subfield code="0">(DE-588)119357577</subfield>
      <subfield code="0">https://d-nb.info/gnd/119357577</subfield>
      <subfield code="a">Oranje-Nassau, Willem &#152;van&#156;</subfield>
      <subfield code="d">1626-1650</subfield>
      <subfield code="4">bezf</subfield>
      <subfield code="4">https://d-nb.info/standards/elementset/gnd#familialRelationship</subfield>
      <subfield code="w">r</subfield>
      <subfield code="i">Beziehung familiaer</subfield>
      <subfield code="e">Beziehung familiaer</subfield>
      <subfield code="9">v:Vater</subfield>
    </datafield>
    <datafield tag="500" ind1="0" ind2=" ">
      <subfield code="0">(DE-101)118865838</subfield>
      <subfield code="0">(DE-588)118865838</subfield>
      <subfield code="0">https://d-nb.info/gnd/118865838</subfield>
      <subfield code="a">Maria</subfield>
      <subfield code="b">II.</subfield>
      <subfield code="c">England, Königin</subfield>
      <subfield code="d">1662-1694</subfield>
      <subfield code="4">bezf</subfield>
      <subfield code="4">https://d-nb.info/standards/elementset/gnd#familialRelationship</subfield>
      <subfield code="w">r</subfield>
      <subfield code="i">Beziehung familiaer</subfield>
      <subfield code="e">Beziehung familiaer</subfield>
      <subfield code="9">v:Ehefrau</subfield>
    </datafield>
    <datafield tag="548" ind1=" " ind2=" ">
      <subfield code="a">1650-1702</subfield>
      <subfield code="4">datl</subfield>
      <subfield code="4">https://d-nb.info/standards/elementset/gnd#dateOfBirthAndDeath</subfield>
      <subfield code="w">r</subfield>
      <subfield code="i">Lebensdaten</subfield>
    </datafield>
    <datafield tag="548" ind1=" " ind2=" ">
      <subfield code="a">14.11.1650-08.03.1702</subfield>
      <subfield code="4">datx</subfield>
      <subfield code="4">https://d-nb.info/standards/elementset/gnd#dateOfBirthAndDeath</subfield>
      <subfield code="w">r</subfield>
      <subfield code="i">Exakte Lebensdaten</subfield>
    </datafield>
    <datafield tag="550" ind1=" " ind2=" ">
      <subfield code="0">(DE-101)040004643</subfield>
      <subfield code="0">(DE-588)4000464-8</subfield>
      <subfield code="0">https://d-nb.info/gnd/4000464-8</subfield>
      <subfield code="a">Adel</subfield>
      <subfield code="4">obin</subfield>
      <subfield code="4">https://d-nb.info/standards/elementset/gnd#broaderTermInstantial</subfield>
      <subfield code="w">r</subfield>
      <subfield code="i">Oberbegriff instantiell</subfield>
    </datafield>
    <datafield tag="550" ind1=" " ind2=" ">
      <subfield code="0">(DE-101)040315169</subfield>
      <subfield code="0">(DE-588)4031516-2</subfield>
      <subfield code="0">https://d-nb.info/gnd/4031516-2</subfield>
      <subfield code="a">König</subfield>
      <subfield code="4">adel</subfield>
      <subfield code="4">https://d-nb.info/standards/elementset/gnd#titleOfNobility</subfield>
      <subfield code="w">r</subfield>
      <subfield code="i">Adelstitel</subfield>
    </datafield>
    <datafield tag="550" ind1=" " ind2=" ">
      <subfield code="0">(DE-101)042011019</subfield>
      <subfield code="0">(DE-588)4201101-2</subfield>
      <subfield code="0">https://d-nb.info/gnd/4201101-2</subfield>
      <subfield code="a">Prinz</subfield>
      <subfield code="4">adel</subfield>
      <subfield code="4">https://d-nb.info/standards/elementset/gnd#titleOfNobility</subfield>
      <subfield code="w">r</subfield>
      <subfield code="i">Adelstitel</subfield>
    </datafield>
    <datafield tag="551" ind1=" " ind2=" ">
      <subfield code="0">(DE-101)040114465</subfield>
      <subfield code="0">(DE-588)4011446-6</subfield>
      <subfield code="0">https://d-nb.info/gnd/4011446-6</subfield>
      <subfield code="a">Den Haag</subfield>
      <subfield code="4">ortg</subfield>
      <subfield code="4">https://d-nb.info/standards/elementset/gnd#placeOfBirth</subfield>
      <subfield code="w">r</subfield>
      <subfield code="i">Geburtsort</subfield>
    </datafield>
    <datafield tag="551" ind1=" " ind2=" ">
      <subfield code="0">(DE-101)040743357</subfield>
      <subfield code="0">(DE-588)4074335-4</subfield>
      <subfield code="0">https://d-nb.info/gnd/4074335-4</subfield>
      <subfield code="a">London</subfield>
      <subfield code="4">orts</subfield>
      <subfield code="4">https://d-nb.info/standards/elementset/gnd#placeOfDeath</subfield>
      <subfield code="w">r</subfield>
      <subfield code="i">Sterbeort</subfield>
    </datafield>
    <datafield tag="667" ind1=" " ind2=" ">
      <subfield code="a">12</subfield>
    </datafield>
    <datafield tag="667" ind1=" " ind2=" ">
      <subfield code="a">7</subfield>
    </datafield>
    <datafield tag="667" ind1=" " ind2=" ">
      <subfield code="a">384</subfield>
    </datafield>
    <datafield tag="667" ind1=" " ind2=" ">
      <subfield code="a">VD-17</subfield>
    </datafield>
    <datafield tag="667" ind1=" " ind2=" ">
      <subfield code="a">VD-18</subfield>
    </datafield>
    <datafield tag="667" ind1=" " ind2=" ">
      <subfield code="a">NDSBIO</subfield>
    </datafield>
    <datafield tag="670" ind1=" " ind2=" ">
      <subfield code="a">LCAuth</subfield>
    </datafield>
    <datafield tag="670" ind1=" " ind2=" ">
      <subfield code="a">Wikipedia</subfield>
      <subfield code="u">https://de.wikipedia.org/wiki/Wilhelm_III._(Oranien)</subfield>
    </datafield>
    <datafield tag="670" ind1=" " ind2=" ">
      <subfield code="a">BHGRO (1990), S. 314</subfield>
    </datafield>
    <datafield tag="672" ind1=" " ind2="0">
      <subfield code="a">Articles of peace between the most serene ... Willia*</subfield>
      <subfield code="f">1697</subfield>
    </datafield>
    <datafield tag="672" ind1=" " ind2="0">
      <subfield code="a">Commission for Greenwich Hospital</subfield>
      <subfield code="f">1695</subfield>
    </datafield>
    <datafield tag="672" ind1=" " ind2="0">
      <subfield code="a">Literae regis Magnae Britanniae ad cantones Helvetic*</subfield>
      <subfield code="f">1695</subfield>
    </datafield>
    <datafield tag="672" ind1=" " ind2="0">
      <subfield code="a">Dero Königl. Hoheit Wilhelm Henrichs von Gottes Gnaden Printzen von Oranien etc. Declar*</subfield>
      <subfield code="f">1688</subfield>
    </datafield>
    <datafield tag="672" ind1=" " ind2="0">
      <subfield code="a">A letter from His Holiness the Pope of Rome</subfield>
      <subfield code="f">1689</subfield>
    </datafield>
    <datafield tag="672" ind1=" " ind2="0">
      <subfield code="a">Schreiben Sr. Königl. Majestät von Engelland, An Die Herren Staaten, Vom 23. Februarii 16*</subfield>
      <subfield code="f">1689</subfield>
    </datafield>
    <datafield tag="672" ind1=" " ind2="0">
      <subfield code="a">Proclamation im Nahmen ihro Majestäten des Königs und Königin von Groß-Britanien</subfield>
      <subfield code="f">1692</subfield>
    </datafield>
    <datafield tag="672" ind1=" " ind2="0">
      <subfield code="a">Schediasmata inauguralia, Quae rectore magnificentissimo deo optimo maximo Atque Consensu*</subfield>
      <subfield code="f">1689</subfield>
    </datafield>
    <datafield tag="678" ind1=" " ind2=" ">
      <subfield code="b">König von Großbritannien und Irland seit 1689; Statthalter von 5 niederländ. Provinzen seit 1672</subfield>
    </datafield>
    <datafield tag="913" ind1=" " ind2=" ">
      <subfield code="S">pnd</subfield>
      <subfield code="i">5</subfield>
      <subfield code="a">William &lt;England, King, III.&gt;</subfield>
      <subfield code="0">(DE-588a)118643355</subfield>
    </datafield>
    <datafield tag="913" ind1=" " ind2=" ">
      <subfield code="S">pnd</subfield>
      <subfield code="i">5</subfield>
      <subfield code="a">Wilhelm &lt;England, König, III.&gt;</subfield>
      <subfield code="0">(DE-588a)118643355</subfield>
    </datafield>
    <datafield tag="913" ind1=" " ind2=" ">
      <subfield code="S">pnd</subfield>
      <subfield code="i">5</subfield>
      <subfield code="a">Wilhelm &lt;England, König, &amp;nsb;III.&amp;nse; 3&gt;</subfield>
      <subfield code="0">(DE-588a)17428893X</subfield>
    </datafield>
    <datafield tag="913" ind1=" " ind2=" ">
      <subfield code="S">pnd</subfield>
      <subfield code="i">5</subfield>
      <subfield code="a">Wiliam &lt;Great Britain, King, III.&gt;</subfield>
      <subfield code="0">(DE-588a)155694383</subfield>
    </datafield>
  </record>
